@inproceedings{
	turek2011,
  title={Towards safety and security critical communication systems based on SOA paradigm},
  author={Turek, Thomas and Anees, Tayyaba and Zerawa, Simon-Alexander},
  booktitle={Industrial Electronics (ISIE), 2011 IEEE International Symposium on},
  pages={1248--1253},
  year={2011},
  organization={IEEE}
}

@inproceedings{
	gleirscher2014,
  title={A model-based approach to innovation management of automotive control systems},
  author={Gleirscher, Mario and Vogelsang, Andreas and Fuhrmann, Steffen},
  booktitle={Software Product Management (IWSPM), 2014 IEEE IWSPM 8th International Workshop on},
  pages={1--10},
  year={2014},
  organization={IEEE}
}

@misc{
	iso26262:4,
	title = {ISO 26262 Road Vehicles - Functional safety - Part 4: Product development at the system level},
	publisher = {International Organization for Standardization},
	edition = {First eddition},
	year = {2011}
}

@misc{
	iso26262:3,
	title = {ISO 26262 Road Vehicles - Functional safety - Part 3: Concept phase},
	publisher = {International Organization for Standardization},
	edition = {First eddition},
	year = {2011}
}

@misc{
	iso26262:1,
	title = {ISO 26262 Road Vehicles - Functional safety - Part 1: Vocabulary},
	publisher = {International Organization for Standardization},
	edition = {First eddition},
	year = {2011}
}

@book{
	erl2011,
  title={SOA Governance},
  author={Erl, Thomas and Bennett, Stephen G and Carlyle, Benjamin and Gee, Clive and Laird, Robert and Manes, Anne Thomas and Moores, Robert and Tost, Andre},
  year={2011},
  publisher={Pearson Education}
}

@book{
	marwedel,
  title={Embedded system design: Embedded systems foundations of cyber-physical systems},
  author={Marwedel, Peter},
  year={2010},
  publisher={Springer Science \& Business Media}
}

@misc {
	wiki_soa,
	author = "Wikipedia",
	title = "Service-oriented Architecture",
	howpublished = "\url{http://en.wikipedia.org/wiki/Service-oriented_architecture}",
	note = "Visited: April 2015"
}

@misc {
	malik,
	author = "Malik, M.",
	title = "Creating a distinction between business services and SOA services",
	howpublished = "\url{http://blogs.msdn.com/b/nickmalik/archieve/2008/11/30/creating-a-distinction-between-business-services-and-soa-business-services.aspx}",
	note = "Visited: April 2015"
}

@misc {
	wiki_multicore,
	author = "Wikipedia",
	title = "Multi-core processor",
	howpublished = "\url{http://en.wikipedia.org/wiki/Multi-core_processor}",
	note = "Visited: April 2015"
}

@misc {
	wiki_black_box,
	author = {Wikipedia},
	title = {Black box},
	howpublished = {\url{http://en.wikipedia.org/wiki/Black_box}},
	note = {Visited: May 2015}
}

@misc {
	wiki_white_box,
	author = {Wikipedia},
	title = {White box},
	howpublished = {\url{http://en.wikipedia.org/wiki/White_box_(software_engineering)}},
	note = {Visited: May 2015}
}

@misc {
	wiki_tmr,
	author = {Wikipedia},
	title = {Triple modular redundancy},
	howpublished = {\url{http://en.wikipedia.org/wiki/Triple_modular_redundancy}},
	note = {Visited: May 2015}
}

@misc {
	wiki_MPSoC,
	author = {Wikipedia},
	title = {MPSoC},
	howpublished = {\url{http://en.wikipedia.org/wiki/MPSoC}},
	note = {Visited: May 2015}
}

@misc {
	wiki_cbse,
	author = {Wikipedia},
	title = {Component-based software engineering},
	howpublished = {\url{http://en.wikipedia.org/wiki/Component-based_software_engineering}},
	note = {Visited: May 2015}
}

@misc {
	opengroup,
	author = "The Open Group",
	title = "The SOA Source Book",
	howpublished = "\url{http://www.opengroup.org/soa/source-book/intro/}",
	note = "Visited: April 2015"
}

@misc {
	aadl,
	title = {What is AADL?},
	howpublished = {\url{http://www.aadl.info/aadl/currentsite/}},
	note = {Visited: June 2015}
}

@misc {
	sei,
	author = {Software Engineering Institute},
	title = {A Framework for Software Product Line Practice, Version 5.0},
	howpublished = {\url{http://www/sei.cmu.edu/productlines/frame_report/comp_dev.htm}},
	note = {Visited: May 2015}
}

@misc {
	sei2,
	author = {Software Engineering Institute},
	title = {Defining Software Architectures},
	howpublished = {\url{http://www/sei.cmu.edu/architecture/}},
	note = {Visited: May 2015}
}

@misc {
	emc2,
	author = "Eckel, A. and Leitner, A. and et al.",
	title = "D1.1 - State of the art and SoA architecture requirements report",
	version = "1.0",
	date = "October 2014",
	note = "Draft"
}

@misc {
	soa-based_sos,
	author = "Kaur, N. and McLeod, C. and Jain, A. and Harrison, R. and Ahmad, B. and Colombo, A. and Delsing, J.",
	title = "Design and Simulation of a SOA-based System of Systems for Automation in the Residential Sector",
	publisher = "Industrial Technology (ICIT), 2013 IEEE International Conference",
	address = "Cape Town"
}

@misc {
	feljan,
	author = {Juraj Feljan and Jan Carlson},
	title = {The Impact of Intra-core and Inter-core Task Communication on Architectural Analysis of Multicore Embedded Systems},
	isbn = {978-1-61208-304-9},
	note = {copyright IARIA},
	pages = {402--407},
	month = {October},
	year = {2013},
	booktitle = {The Eighth International Conference on Software Engineering Advances},
	publisher = {http://www.iaria.org/},
	url = {http://www.es.mdh.se/publications/3021-}
}

@misc {
	arrowhead,
	author = {Blomstedt, F. and Ferreira, L. and et al.},
	title = {The Arrowhead Approach for SOA Application Development and Documentation},
	publisher = {IEEE},
	year = {2014}
}

@misc {
	prabhat,
	author = {Prabhat, M. and Dutt, N.},
	title = {Architecture Description Languages},
	year = {2007},
	doi = {10.1016/B978-012369526-0/50005-X}
}

@misc {
	ISO_42010,
	title = {ISO/IEC/IEEE Systems and software engineering - Architecture description},
	year = {2011},
	doi = {10.1109/IEEESTD.2011.6129467}
}

@misc {
	ISO_15288,
	title = {Systems and software engineering - System life cycle processes},
	edition = {First},
	year = {2015}
}

@misc {
	lessner,
	author = {Lessner, E. and Ostroumov, P.},
	title = {Reliability and Availability Studies in the RIA Driver Linac},
	publisher = {Particle Accelerator Conference, IEEE},
	year = {2005},
	doi = {10.1109/PAC.2005.1590463}
}

@misc{
	iso26262:3,
	title = {ISO 26262 Road Vehicles - Functional safety - Part 3: Concept phase},
	publisher = {International Organization for Standardization},
	edition = {First eddition},
	year = {2011}
}

@misc {
	nelson,
	author = {Nelson, V.},
	title = {Fault-tolerant computing: fundamental concepts},
	publisher = {IEEE Computer Society},
	year = {1990},
	doi = {10.1109/2.56849}
}

@misc {
	zhang,
	author = {Zhang, H. and Li, W. and Qin, J.},
	title = {Model-based Functional Safety Analysis Method for Automotive Embedded System Application},
	publisher = {Intelligent Control and Information Processing (ICICIP), 2010 International Conference, IEEE},
	year = {2010},
	doi = {10.1109/ICICIP.2010.5565316}	
}

@misc {
	clements,
	author = {Clements, P. and Northrop, L.},
	title = {Software Product Lines},
	year = {2003}
}

@misc {
	carmeq,
	author = {Hegewald, J. and Salem, N. and Krieger, O.},
	title = {An OEM perspective on introducing Ethernet/IP into automotive series production using AUTOSAR},
	publisher = {AUTOSAR Open Conference Ethernet & IP @ Automotive Technology Day},
	address = {Detroit},
	year = {2014}
}

@misc {
	converge,
	title = {Architecture of the Car2X Systems Network}	
}

@misc {
	autosar_intro,
	title = {An introduction to AUTOSAR}
}

@book {
	krafzig,
	author = "Krafzig, D. and Banke, K. and Slama, D.",
	title = "Enterprise SOA: service-oriented architecture best practices",
	edition = "First",
	publisher = "Prentice Hall PTR",
	address = "Prentice Hall Professional Technical Reference, Upper Saddle River, NJ, Indianapolis",
	year = "2005"
}

@book {
	rosen,
	author = "Rosen, M. and Lublinsky, B. and Smith, K.",
	title = "Applied SOA: SERVICE-ORIENTED ARCHITECTURE AND DESIGN STRATEGIES",
	publisher = "Wiley Publishing, Inc.",
	address = "Indianapolis",
	year = "2008"
}

@book {
	genesys,
	author = "Omermaisser, R. and Kopetz, H.",
	title = "GENESYS - A Candidate for an ARTEMIS Cross-Domain Reference Architecture for Embedded Systems",
	publisher = "Vienna University of Technology",
	year = "2009"
}

@book {
	josuttis,
	author = "Josuttis, N.",
	title = "SOA in Practice",
	publisher = "O'Reilly Media, Inc.",
	address = "1005 Gravenstein Highway North, Sebastopol, CA 95472",
	year = "2007",
	isbn = "978-0-596-52955-0"
}

@article {
	breivold,
	author = {Breivold, H. and Larsson, M.},
	journal = {Software Engineering and Advanced Applications, 2007. 33rd EUROMICRO Conference},
	title = {Component-Based and Service-Oriented Software Engineering: Key Concepts and Principles},
	year = {2007},
	pages = {13-20},
	doi = {10.1109/EUROMICRO.2007.25}
}

@article {
	avl,
	author = {KÃ¼pper, K. and Teufelberger, P. and Ellinger, R. and Korsunsky, E.},
	journal = {ATZ worldwide eMagazine},
	title = {From Vehicle Requirements to Modular Hybrid Software},
	year = {2011},
	pages = {46-49},
	doi = {10.1365/s38311-011-0105-5}
}

@article {
	autosar,
	author = {Kirschke-Biller, F.},
	journal = {15th International VDI Congress Electronic Systems for Vehicles 2011},
	title = {AUTOSAR - A worldwide standard, current developments, roll-out and outlook},
	year = {2011}
}

@book{
	szyperski,
	title={Component Software: Beyond Object-oriented Programming},
	author={Szyperski, C. and Gruntz, D. and Murer, S.},
	isbn={9780201745726},
	lccn={2002034478},
	series={ACM Press Series},
	url={https://books.google.at/books?id=U896iwmtiagC},
	year={2002},
	publisher={ACM Press}
}

@book{
	sametinger,
	title={Software Engineering with Reusable Components},
	author={Sametinger, J.},
	isbn={9783662033456},
	url={https://books.google.at/books?id=4o-qCAAAQBAJ},
	year={2013},
	publisher={Springer Berlin Heidelberg}
}

@inproceedings{
	aoyama,
  title={New age of software development: How component-based software engineering changes the way of software development},
  author={Aoyama, Mikio and others},
  booktitle={1998 International Workshop on CBSE},
  pages={1--5},
  year={1998}
}

@inproceedings{
	ning,
  title={Component-based software engineering (CBSE)},
  author={Ning, Jim Q},
  booktitle={Assessment of Software Tools and Technologies, 1997., Proceedings Fifth International Symposium on},
  pages={34--43},
  year={1997},
  organization={IEEE}
}

@book{
	alippi,
  title={Intelligence for Embedded Systems},
  author={Alippi, Cesare},
  year={2014},
  publisher={Springer}
}

@book{
	kopetz,
  title={Real-time systems: design principles for distributed embedded applications},
  author={Kopetz, Hermann},
  year={2011},
  publisher={Springer Science \& Business Media}
}

@inproceedings{
	kum,
  title={Automated Testing for Automotive Embedded Systems},
  author={Kum, Dae-Hyun and Son, Joonwoo and Lee, Seon-bong and Wilson, Ivan},
  booktitle={SICE-ICASE, 2006. International Joint Conference},
  pages={4414--4418},
  year={2006},
  organization={IEEE}
}

@inproceedings{
	scholz,
	author = {Andreas Scholz and Stephan Sommer and Christian Buckl and Gerd Kainz and Alfons Kemper and Alois Knoll and J{\"o}rg Heuer and Anton Schmitt},
	booktitle = {Software Engineering for Sensor Network Applications (SESENA 2010)},
	keywords = {embedded, esoa},
	publisher = {{ACM/IEEE}},
	title = {Towards and Adaptive Execution of Applications in Heterogeneous Embedded Networks},
	year = {2010},
	doi = {10.1145/1809111.1809120}
}

@inproceedings{
	sommer,
	author = {Stephan Sommer and Christian Buckl and Gerd Kainz and Andreas Scholz and Irina Gaponova and Alois Knoll and Alfons Kemper and J{\"o}rg Heuer and Anton Schmitt},
	booktitle = {The Fifth International Workshop on Service Oriented Architectures in Converging Networked Environments (SOCNE 2010)},
	keywords = {embedded, esoa},
	publisher = {{IEEE}},
	title = {Service Migration Scenarios for Embedded Networks},
	year = {2010},
	doi = {10.1109/WAINA.2010.84}
}

@inproceedings{
	buckl,
	author = {Christian Buckl and Stephan Sommer and Andreas Scholz and Alois Knoll and Alfons Kemper and J{\"o}rg Heuer and Anton Schmitt},
	booktitle = {The Fourth Workshop on Service Oriented Architectures in Converging Networked Environments (SOCNE 2009) - extended version},
	keywords = {embedded, esoa},
	publisher = {{IEEE}},
	title = {Services to the Field: An Approach for Resource Constrained Sensor/Actor Networks},
	year = {2009},
	doi = {10.1109/WAINA.2009.20}
}

@inproceedings{
	rodrigues2011,
  title={Using SOA in Critical-Embedded Systems},
  author={Rodrigues, Douglas and de Melo Pires, Rayner15 and Estrella, J{\'u}lio C{\'e}zar and Marconato, Emerson Alberto and Trindade, Onofre and Branco, Kalinka Regina Lucas Jaquie Castelo},
  booktitle={Internet of Things (iThings/CPSCom), 2011 International Conference on and 4th International Conference on Cyber, Physical and Social Computing},
  pages={733--738},
  year={2011},
  organization={IEEE}
}

@incollection{
	zeilinger2009,
  title={Communication in Change--Voice over IP in Safety and Security Critical Communication Networks},
  author={Zeilinger, Heimo and Sevcik, Berndt and Turek, Thomas and Zucker, Gerhard},
  booktitle={IT Revolutions},
  pages={186--193},
  year={2009},
  publisher={Springer}
}

@misc {
	w3c_xml,
	title = {Extensible Markup Language (XML) 1.0},
	edition = {Fourth Edition},
	year = {2006},
	publisher = {World Wide Web Consortium},
	note = {Retrieved 2015-06-17}
}

@misc {
	w3c_wsdl,
	title = {Web Service Description Language (WSDL) Version 2.0 Part 1: Core Language},
	year = {2007},
	publisher = {World Wide Web Consortium},
	note = {Retrieved 2015-06-17}
}

@misc {
	w3c_recommendations:soap,
	title = {SOAP Version 1.2 Part 0: Primer},
	edition = {Second Edition},
	year = {2007},
	publisher = {World Wide Web Consortium},
	note = {Retrieved 2015-06-24}
}

@misc{ 
	wiki_wsdl,
   author = "Wikipedia",
   title = "Web services description language --- Wikipedia{,} The Free Encyclopedia",
   year = "2009",
   url = "\url{https://en.wikipedia.org/w/index.php?title=Web_services_description_language&oldid=309559064}",
   note = "[Online; accessed 17-June-2015]"
}

 @misc{ 
 	wiki_aadl,
   author = "Wikipedia",
   title = "Architecture Analysis \& Design Language --- Wikipedia{,} The Free Encyclopedia",
   year = "2014",
   url = "\url{https://en.wikipedia.org/w/index.php?title=Architecture_Analysis_%26_Design_Language&oldid=612641618}",
   note = "[Online; accessed 17-June-2015]"
 }

@misc{
	arrowhead_inpr,
	title = {DELIVERABLE D1.2 of Work Package 1},
	author = {Jerker Delsing},
	year = {2015}
}

@misc{
	iso26262:course1,
	title = {ISO 26262 For Safety-Related Automotive E/E Development: Introduction and Overview}
}

@misc{
	iso26262:course2,
	title = {ISO 26262 For Safety-Related Automotive E/E Development: Concept Phase}
}

@misc{
	arrowhead:presentation,
	title = {EMC\textsuperscript{2} Service architecture},
	author = {Lund Ericsson},
	year = {2015}
}

@misc{
	schmerler2012,
	title = {AUTOSAR - Shaping the Future of a Global Standard},
	author = {Schmerler Stefan},
	howbublished = {5th VDI Congress Baden-Baden Spezial 2012},
	year = {2012}
}

@misc{
	kirschke_biller2011,
	title = {autosar - A worldwide standard: Current developments, roll-out and outlook},
	author = {Kirschke-Biller Frank},
	howbulished = {15th International VDI Congress Electronic Systems for Vehicles 2011},
	year = {2011}
}

@misc{
	autosar_rs_main,
	title = {Main Requirements, AUTOSAR Release 4.2.1},
	author = {AUTOSAR},
	year = {2014}
}

@misc{
	autosar_glossary,
	title = {Glossary, AUTOSAR Release 4.2.1},
	author = {AUTOSAR},
	year = {2014}
}

@misc{
	arcitura,
	title = {ServiceOrientation.com},
	howpublished = {\url{http://www.serviceorientation.com}},
	note = {Accessed: 2015-06-29}
}

@book{
	erl2011,
  title={SOA Governance},
  author={Erl, Thomas and Bennett, Stephen G and Carlyle, Benjamin and Gee, Clive and Laird, Robert and Manes, Anne Thomas and Moores, Robert and Tost, Andre},
  year={2011},
  publisher={Pearson Education}
}

@book{
	erl2008,
  title={Soa: principles of service design},
  author={Erl, Thomas},
  volume={1},
  year={2008},
  publisher={Prentice Hall Upper Saddle River}
}

@misc{
	oasis2006,
	author = {OASIS},
	title = {OASIS Reference Model for Service Oriented Architecture 1.0, Committee Specification 1},
	howpublished = {\url{http://www.oasis-open.org/committees/tc_home.php?wg_abbrev=soa-rm}},
	year = {2006}
}

@article{
	papazoglou2007,
  title={Service oriented architectures: approaches, technologies and research issues},
  author={Papazoglou, Mike P and Van Den Heuvel, Willem-Jan},
  journal={The VLDB journal},
  volume={16},
  number={3},
  pages={389--415},
  year={2007},
  publisher={Springer}
}

@inproceedings{
	donini2008,
  title={Testing complex safety-critical systems in SOA context},
  author={Donini, Renato and Marrone, Stefano and Mazzocca, Nicola and Orazzo, Antonio and Papa, Domenico and Venticinque, Salvatore},
  booktitle={Complex, Intelligent and Software Intensive Systems, 2008. CISIS 2008. International Conference on},
  pages={87--93},
  year={2008},
  organization={IEEE}
}

@inproceedings{
	ran2010,
  title={Design method of CAN BUS network communication structure for electric vehicle},
  author={Ran, Li and Junfeng, Wu and Haiying, Wang and Gechen, Li},
  booktitle={Strategic Technology (IFOST), 2010 International Forum on},
  pages={326--329},
  year={2010},
  organization={IEEE}
}

@book{
	international2006analysis,
  title={Analysis Techniques for System Reliability: Procedure for Failure Mode and Effects Analysis (FMEA)},
  author={International Electrotechnical Commission and International Electrotechnical Commission and others},
  year={2006},
  publisher={International Electrotechnical Commission}
}

@book{
	mil1980,
  title={Mil-Std-1629a: 1980: Procedures for Performing a Failure Mode, Effects and Criticality Analysis},
  author={United States. Department of Defense},
  year={1980},
  publisher={Department of Defense}
}

@inproceedings{
	elattar2007,
  title={An improved watchdog timer to enhance imaging system reliability in the presence of soft errors},
  author={El-Attar, Ashraf M and Fahmy, Gamal},
  booktitle={Signal Processing and Information Technology, 2007 IEEE International Symposium on},
  pages={1100--1104},
  year={2007},
  organization={IEEE}
}

@inproceedings{
	israr2014,
  title={Reliable system design using decision diagrams in presence of hard and soft errors},
  author={Israr, Amber and Huss, Sorin and others},
  booktitle={Applied Sciences and Technology (IBCAST), 2014 11th International Bhurban Conference on},
  pages={1--9},
  year={2014},
  organization={IEEE}
}

@inproceedings{
	yamada2008,
  title={Generic memory protection mechanism for embedded system and its application to embedded component systems},
  author={Yamada, Shimpei and Nakamoto, Yukikazu and Azumi, Takuya and Oyama, Hiroshi and Takada, Hiroaki},
  booktitle={Computer and Information Technology Workshops, 2008. CIT Workshops 2008. IEEE 8th International Conference on},
  pages={557--562},
  year={2008},
  organization={IEEE}
}